@book{ricci2011introduction,  
  title={Recommender Systems Handbook},  
  author={Ricci, Francesco and Rokach, Lior and Shapira, Bracha and Kantor, Paul B},  
  year={2011},  
  publisher={Springer US}  
}  

@inproceedings{sarwar2001item,  
  title={Item-based collaborative filtering recommendation algorithms},  
  author={Sarwar, Badrul and Karypis, George and Konstan, Joseph and Riedl, John},  
  booktitle={Proceedings of the 10th international conference on World Wide Web},  
  pages={285--295},  
  year={2001}  
}  

@article{koren2009matrix,  
  title={Matrix factorization techniques for recommender systems},  
  author={Koren, Yehuda and Bell, Robert and Volinsky, Chris},  
  journal={Computer},  
  volume={42},  
  number={8},  
  pages={30--37},  
  year={2009}  
}  

@inproceedings{he2020lightgcn,  
  title={LightGCN: Simplifying and powering graph convolution network for recommendation},  
  author={He, Xiangnan and Deng, Kuan and Wang, Xiang and Li, Yan and Zhang, Yongdong and Wang, Meng},  
  booktitle={Proceedings of the 43rd International ACM SIGIR Conference on Research and Development in Information Retrieval},  
  pages={639--648},  
  year={2020}  
}  

@inproceedings{wang2019neural,  
  title={Neural graph collaborative filtering},  
  author={Wang, Xiang and He, Xiangnan and Wang, Meng and Feng, Fuli and Chua, Tat-Seng},  
  booktitle={Proceedings of the 42nd International ACM SIGIR Conference on Research and Development in Information Retrieval},  
  pages={165--174},  
  year={2019}  
}  

@misc{movielens,  
  author = {Harper, F. Maxwell and Konstan, Joseph A.},  
  title = {The MovieLens Datasets: History and Context},  
  journal = {ACM Transactions on Interactive Intelligent Systems},  
  volume = {5},  
  number = {4},  
  pages = {19:1--19:19},  
  year = {2015},  
  publisher = {ACM},  
  url = {https://grouplens.org/datasets/movielens/}  
}  

@inproceedings{lastfm,  
  author={Cantador, Iv√°n and Brusilovsky, Peter and Kuflik, Tsvi},  
  title={Second Workshop on Information Heterogeneity and Fusion in Recommender Systems (HetRec 2011)},  
  booktitle={Proceedings of the 5th ACM Conference on Recommender Systems},  
  year={2011},  
  publisher={ACM},  
  url={https://grouplens.org/datasets/hetrec-2011/}  
}  

@misc{yelp,  
  author={{Yelp}},  
  title={{Yelp Dataset Challenge}},  
  url={https://www.yelp.com/dataset},  
  year={2023}  
}  

@article{adomavicius2005toward,  
  title={Toward the next generation of recommender systems: A survey of the state-of-the-art and possible extensions},  
  author={Adomavicius, Gediminas and Tuzhilin, Alexander},  
  journal={IEEE transactions on knowledge and data engineering},  
  volume={17},  
  number={6},  
  pages={734--749},  
  year={2005},  
  publisher={IEEE}  
}  

@article{pazzani2007content,  
  title={Content-based recommendation systems},  
  author={Pazzani, Michael J and Billsus, Daniel},  
  journal={The adaptive web},  
  pages={325--341},  
  year={2007},  
  publisher={Springer}  
}  

@article{su2009survey,  
  title={A survey of collaborative filtering techniques},  
  author={Su, Xiaoyuan and Khoshgoftaar, Taghi M},  
  journal={Advances in artificial intelligence},  
  volume={2009},  
  year={2009},  
  publisher={Hindawi}  
}  

@article{bell2007lessons,  
  title={The bellkor solution to the netflix prize},  
  author={Bell, Robert M and Koren, Yehuda},  
  journal={KorBell Team's Report to Netflix},  
  year={2007}  
}  

@article{wu2022graph,  
  title={Graph neural networks in recommender systems: A survey},  
  author={Wu, Shiwen and Sun, Fei and Zhang, Wentao and Cui, Bin},  
  journal={ACM Computing Surveys},  
  volume={55},  
  number={5},  
  pages={1--37},  
  year={2022},  
  publisher={ACM New York, NY}  
}  

